
@string{acm-sigcomm = " {ACM} SIGCOMM "};   # as in the conference
@string{proc = "Proceedings of the "};


@mastersthesis{drager2012trans,
  title={Trans* forming Cyber Space and the Trans Liberation Movement: A study of transmasculine youth bloggers on Tumblr.com},
  author={Drager, E Harsin},
  school={University of Colorado Boulder},
  year={2012}
}

@article{alexander2002introduction,
  title="{Introduction to the special issue: Queer webs: Representations of LGBT people and communities on the World Wide Web}",
  author={Alexander, Jonathan},
  journal={International Journal of Sexuality and Gender Studies},
  volume={7},
  number={2},
  pages={77--84},
  year={2002},
  publisher={Springer}
}

@book{duggan2013demographics,
  title={The demographics of social media users, 2012},
  author={Duggan, Maeve and Brenner, Joanna},
  volume={14},
  year={2013},
  publisher={Pew Research Center's Internet \& American Life Project}
}

@inproceedings{kwak2010twitter,
  title={What is Twitter, a social network or a news media?},
  author={Kwak, Haewoon and Lee, Changhyun and Park, Hosung and Moon, Sue},
  booktitle={Proceedings of the 19th international conference on World wide web},
  pages={591--600},
  year={2010},
  organization={ACM}
}

@article{cha2010measuring,
  title={Measuring User Influence in Twitter: The Million Follower Fallacy.},
  author={Cha, Meeyoung and Haddadi, Hamed and Benevenuto, Fabricio and Gummadi, P Krishna},
  journal={ICWSM},
  volume={10},
  pages={10--17},
  year={2010}
}

@article{bell2013trigger,
  title={Trigger Warnings: Sex, Lies and Social Justice Utopia on Tumblr},
  author={Bell, Lenore},
  journal={Networking Knowledge: Journal of the MeCCSA-PGN},
  volume={6},
  number={1},
  year={2013}
}

@inproceedings{kairam2012talking,
  title="{Talking in circles: selective sharing in google+}",
  author={Kairam, Sanjay and Brzozowski, Mike and Huffaker, David and Chi, Ed},
  booktitle={Proceedings of the SIGCHI Conference on Human Factors in Computing Systems},
  pages={1065--1074},
  year={2012},
  organization={ACM}
}

@article{rainie2012photos,
  title={Photos and videos as social currency online},
  author={Rainie, Lee and Brenner, Joanna and Purcell, Kristen},
  year={2012},
  publisher={Pew Research Center's Internet \& American Life Project}
}

@article{kopytoff2011blogs,
  title={Blogs wane as the young drift to sites like Twitter},
  author={Kopytoff, Verne G},
  journal={The New York Times},
  volume={20},
  year={2011}
}


@inproceedings{viswanath2009evolution,
  title={On the evolution of user interaction in facebook},
  author={Viswanath, Bimal and Mislove, Alan and Cha, Meeyoung and Gummadi, Krishna P},
  booktitle={Proceedings of the 2nd ACM workshop on Online social networks},
  pages={37--42},
  year={2009},
  organization={ACM}
}

@article{werry1996internet,
  title={Internet Relay Chat},
  author={Werry, Christopher C},
  journal={Computer-mediated communication: Linguistic, social and cross-cultural perspectives},
  pages={47--63},
  year={1996}
}


@misc{reid1991electropolis,
  title={Electropolis: Communication and community on internet relay chat},
  author={Reid, Elizabeth},
  year={1991},
  publisher={Bachelors thesis, University of Melbourne, 1991. Available via anonymous ftp from freebie. engin. umich. edu: pub/text/IRCThesis/electropolis $\{$ps, text$\}$. Z}
}

@misc{tumblr:about,
   author = "Tumblr{,} inc.",
   title = "{About | Tumblr}",
   year = "2014",
   url = "http://www.tumblr.com/about",
   note = "[Online; accessed 16-March-2014]"
 }


@article{bbc-business,
  title={Yahoo to buy Tumblr for \$1.1bn},
  author={Fleury, Michelle},
  year={2013},
  journal={BBC Business News},
}

@inproceedings{dwyer2007trust,
  title={Trust and Privacy Concern Within Social Networking Sites: A Comparison of Facebook and MySpace},
  author={Dwyer, Catherine and Hiltz, Starr Roxanne and Passerini, Katia},
  booktitle={AMCIS},
  pages={339},
  year={2007}
}

@inproceedings{baresch2011friends,
  title={Friends who choose your news: An analysis of content links on Facebook},
  author={Baresch, Brian and Knight, Lewis and Harp, Dustin and Yaschur, Carolyn},
  booktitle={ISOJ: The Official Research Journal of International Symposium on Online Journalism, Austin, TX},
  volume={1},
  number={2},
  year={2011}
}

@article{lipford2008understanding,
  title={Understanding Privacy Settings in Facebook with an Audience View},
  author={Lipford, Heather Richter and Besmer, Andrew and Watson, Jason},
  journal={UPSEC},
  volume={8},
  pages={1--8},
  year={2008}
}

@inproceedings{liu2011analyzing,
  title={Analyzing facebook privacy settings: user expectations vs. reality},
  author={Liu, Yabing and Gummadi, Krishna P and Krishnamurthy, Balachander and Mislove, Alan},
  booktitle={Proceedings of the 2011 ACM SIGCOMM conference on Internet measurement conference},
  pages={61--70},
  year={2011},
  organization={ACM}
}


@article{fox2012much,
  title={This is how much time you spend on Facebook, Twitter, Tumblr},
  author={Fox, Zoe},
  journal={Mashable Social Media},
  year={2012}
}


@inproceedings{hillman2014tumblr,
  title={Tumblr fandoms, community \& culture},
  author={Hillman, Serena and Procyk, Jason and Neustaedter, Carman},
  booktitle={Proceedings of the companion publication of the 17th ACM conference on Computer supported cooperative work \& social computing},
  pages={285--288},
  year={2014},
  organization={ACM}
}

@inproceedings{callaghan2013research,
  title={Research in online spaces:'Tumblr'and eating'disorder'},
  author={Callaghan, Jane},
  year={2013},
  booktitle={Proceeedings of the 1st Child and Adolescent Mental Health Conference},
  organization={University of Northampton},
}


@misc{tumblrsavior,
   author={Stromberg, Bjorn},
   title = "{Tumblr Savior - bjornstar.com}",
   year = "2014",
   url = "http://bjornstar.com/tumblr-savior",
   note = "[Online; accessed 16-March-2014]"
 }

@inproceedings{joinson2008looking,
  title={Looking at, looking up or keeping up with people?: motives and use of facebook},
  author={Joinson, Adam N},
  booktitle={Proceedings of the SIGCHI conference on Human Factors in Computing Systems},
  pages={1027--1036},
  year={2008},
  organization={ACM}
}

@article{glenn2013more,
  title={More teens are on Tumblr than Facebook or Instagram, survey finds},
  author={Glenn, Devon},
  journal={Social Times},
  year={2013}
}

@inproceedings{krishnamurthy2008few,
  title={A few chirps about twitter},
  author={Krishnamurthy, Balachander and Gill, Phillipa and Arlitt, Martin},
  booktitle={Proceedings of the first workshop on Online social networks},
  pages={19--24},
  year={2008},
  organization={ACM}
}

@article{thomas2012revisioning,
  title="{Revisioning the smiling villain: Imagetexts and intertextual expression in representations of the filmic Loki on Tumblr}",
  author={Thomas, Kayley},
  journal={Transformative Works and Cultures},
  volume={13},
  year={2012}
}

@misc{konczal2011parsing,
  title={Parsing the data and ideology of the We Are 99\% Tumblr},
  author={Konczal, M},
  year={2011},
  publisher={Rortybomb}
}
